@ARTICLE{primeisp,
    author = {Manindra Agrawal and Neeraj Kayal and Nitin Saxena},
    title = {PRIMES is in P},
    journal = {Ann. of Math},
    year = {2002},
    volume = {2},
    pages = {781--793}
}
@book{PTC,
 author = { Arevalo, Abraham and Matinata, Ricardo M. and Pandian, Maharaja and Peri, Eitan and Ruby, Kurtis and Thomas, Francois and Almond, Chris},
 title = {Programming the Cell Broadband Engine Architecture: Examples and Best Practices},
 publisher = {IBM Redbooks},
 year = {2008},
}